@article{bezanson2012julia,
  title={Julia: A fast dynamic language for technical computing},
  author={Bezanson, Jeff and Karpinski, Stefan and Shah, Viral B and Edelman, Alan},
  journal={arXiv preprint arXiv:1209.5145},
  year={2012}
}

@book{book:rick_essential,
  title={Essentials of Stochastic Processes},
  author={Durrett, R.},
  isbn={9781461436157},
  lccn={2012937472},
  series={Springer Texts in Statistics},
  url={https://books.google.ca/books?id=i\_Ovy6OvI54C},
  year={2012},
  publisher={Springer New York}
}

@book{book:robert_casella_2005, 
  place={New York}, 
  title={Monte Carlo Statistical Methods}, 
  publisher={Springer}, 
  author={Robert, Christian P. and Casella, George}, 
  year={2005}
} 